@misc{ren21_renewables_2021,
	title = {Renewables 2024 Global Status Report - Global Overview},
	author = {{REN}21},
	date = {2021},
}
@book{gharehpetian2021microgrids,
  title={Microgrids and methods of analysis},
  author={Gharehpetian, Gevork B and Baghaee, Hamid Reza and Shabestary, Masoud M},
  year={2021},
  publisher={Academic Press}
}
@book{tomar2021control,
  title={Control of standalone microgrid},
  author={Tomar, Anuradha and Gaur, Prerna and Kandari, Ritu and Gupta, Neeraj},
  year={2021},
  publisher={Academic Press}
}
@article{PATRAO2015415,
title = {Microgrid architectures for low voltage distributed generation},
journal = {Renewable and Sustainable Energy Reviews},
volume = {43},
pages = {415-424},
year = {2015},
issn = {1364-0321},
author = {Iván Patrao and Emilio Figueres and Gabriel Garcerá and Raúl González-Medina},
}
@article{justo2013ac,
  title={AC-microgrids versus DC-microgrids with distributed energy resources: A review},
  author={Justo, Jackson John and Mwasilu, Francis and Lee, Ju and Jung, Jin-Woo},
  journal={Renewable and sustainable energy reviews},
  volume={24},
  pages={387--405},
  year={2013},
  publisher={Elsevier}
}
@article{lotfi2015ac,
  title={AC versus DC microgrid planning},
  author={Lotfi, Hossein and Khodaei, Amin},
  journal={IEEE transactions on smart grid},
  volume={8},
  number={1},
  pages={296--304},
  year={2015},
  publisher={IEEE}
}
@inproceedings{marnay2015microgrid,
  title={Microgrid evolution roadmap},
  author={Marnay, Chris and Chatzivasileiadis, Spyros and Abbey, Chad and Iravani, Reza and Joos, Geza and Lombardi, Pio and Mancarella, Pierluigi and Von Appen, Jan},
  booktitle={2015 international symposium on smart electric distribution systems and technologies (EDST)},
  pages={139--144},
  year={2015},
  organization={IEEE}
}
@article{huang2010future,
  title={The future renewable electric energy delivery and management (FREEDM) system: the energy internet},
  author={Huang, Alex Q and Crow, Mariesa L and Heydt, Gerald Thomas and Zheng, Jim P and Dale, Steiner J},
  journal={Proceedings of the IEEE},
  volume={99},
  number={1},
  pages={133--148},
  year={2010},
  publisher={IEEE}
}
@inproceedings{huang2010freedm,
  title={FREEDM system-a vision for the future grid},
  author={Huang, Alex},
  booktitle={IEEE PES General Meeting},
  pages={1--4},
  year={2010},
  organization={IEEE}
}
@inproceedings{heydt2010future,
  title={Future renewable electrical energy delivery and management systems: Energy reliability assessment of FREEDM systems},
  author={Heydt, Gerald T},
  booktitle={IEEE PES General Meeting},
  pages={1--4},
  year={2010},
  organization={IEEE}
}
@inproceedings{zhang2015advantages,
  title={Advantages and challenges of DC microgrid for commercial building a case study from Xiamen university DC microgrid},
  author={Zhang, Fengyan and Meng, Chao and Yang, Yun and Sun, Chunpeng and Ji, Chengcheng and Chen, Ying and Wei, Wen and Qiu, Hemei and Yang, Gang},
  booktitle={2015 IEEE First International Conference on DC Microgrids (ICDCM)},
  pages={355--358},
  year={2015},
  organization={IEEE}
}
@inproceedings{diaz2015intelligent,
  title={Intelligent dc microgrid living laboratories-a chinese-danish cooperation project},
  author={Diaz, Enrique Rodriguez and Su, Xiaoling and Savaghebi, Mehdi and Vasquez, Juan C and Han, Minxiao and Guerrero, Josep M},
  booktitle={2015 IEEE First International Conference on DC Microgrids (ICDCM)},
  pages={365--370},
  year={2015},
  organization={IEEE}
}
@inproceedings{cho2019demonstration,
  title={Demonstration of a DC microgrid with central operation strategies on an island},
  author={Cho, Jintae and Kim, Hongjoo and Cho, Youngpyo and Kim, Hyunmin and Kim, Juyong},
  booktitle={2019 IEEE Third International Conference on DC Microgrids (ICDCM)},
  pages={1--5},
  year={2019},
  organization={IEEE}
}
@article{dragivcevic2015dc,
  title={DC microgrids—Part II: A review of power architectures, applications, and standardization issues},
  author={Dragi{\v{c}}evi{\'c}, Tomislav and Lu, Xiaonan and Vasquez, Juan C and Guerrero, Josep M},
  journal={IEEE transactions on power electronics},
  volume={31},
  number={5},
  pages={3528--3549},
  year={2015},
  publisher={IEEE}
}